@inproceedings{diligenti2000focused,
  title={Focused Crawling Using Context Graphs.},
  author={Diligenti, Michelangelo and Coetzee, Frans and Lawrence, Steve and Giles, C Lee and Gori, Marco and others},
  booktitle={VLDB},
  pages={527--534},
  year={2000}
}

